01REMESSA01COBRANCA       04100005843880       CLINICA ORTOPEDICA DR. CRISTOV422BANCO SAFRA    040422                                                                                                                                                                                                                                                                                                   001000001
1025432886900019904100005843880                                000063710                              000 00?01467       10042200000000700004220000001N040422000000000000000000000000000000000000000000000000000000000000000216791613000124A e J SERVICOS LTDA                     Avenida Antônio Castanharo,555  555     Parque Jat  18117330Votorantim     SP                                     422001000002
1025432886900019904100005843880                                000063726                              000 00?01479       10042200000000525004220000001N040422000000000000000000000000000000000000000000000000000000000000000100007430472818ALEXANDRE EDUARDO FRANZIN VIEIRA        Rua Indianópolis,183  183               Jardim Pau  18040820Sorocaba       SP                                     422001000003
1025432886900019904100005843880                                000063727                              000 00?01536       10042200000000525004220000001N040422000000000000000000000000000000000000000000000000000000000000000100088128830015ALEXANDRE URTIGA DE VARGAS              Rua Eulália Silva,138 SL 4 138 SL 4     Jardim Fac  18030230Sorocaba       SP                                     422001000004
1025432886900019904100005843880                                000063728                              000 00?01480       10042200000000525004220000001N040422000000000000000000000000000000000000000000000000000000000000000210822268000162ANGIOMAST SERVICOS MEDICOS S/S LTDA     Ave 310 PAVMTO7 BLOCO WHITE SALA 76 E 77Jardim Emí  18031000Sorocaba       SP                                     422001000005
1025432886900019904100005843880                                000063692                              000 00?01454       10042200000000208004220000001N040422000000000000000000000000000000000000000000000000000000000000000203403778000130AUTO CENTER KA-VEM LTDA                 Rua Duque Estrada,181  181              Vila Gomes  18075090Sorocaba       SP                                     422001000006
1025432886900019904100005843880                                000063690                              000 00?01452       10042200000000711504220000001N040422000000000000000000000000000000000000000000000000000000000000000228300995000125Auto Posto Correia Neto Sempre Abastece Avenida Doutor Armando Panunzio,439 439 Jardim Ver  18050000Sorocaba       SP                                     422001000007
1025432886900019904100005843880                                000063689                              000 00?01527       10042200000000127504220000001N040422000000000000000000000000000000000000000000000000000000000000000207023414000185Auto Posto Correia Sempre Abastece São PRua Benedito Ferreira Telles,35  35     Jardim Sim  18055270Sorocaba       SP                                     422001000008
1025432886900019904100005843880                                000063691                              000 00?01453       10042200000000127504220000001N040422000000000000000000000000000000000000000000000000000000000000000214830227000179Auto Posto Correia Sempre Abastece SorocAvenida Doutor Américo Figueiredo, 4465 Conjunto H  18053000Sorocaba       SP                                     422001000009
1025432886900019904100005843880                                000063748                              000 00?01499       10042200000000056004220000001N040422000000000000000000000000000000000000000000000000000000000000000296347380000104AVICULTURA TOTA LTDA                    Rua João Martini Filho,400  400         Jardim São  18076260Sorocaba       SP                                     422001000010
1025432886900019904100005843880                                000063711                              000 00?01532       10042200000000700004220000001N040422000000000000000000000000000000000000000000000000000000000000000207301954000183BAMBERG - INDÚSTRIA E COMÉRCIO DE BEBIDARua Sebastião Benedito Reis,582  582    Parque Jat  18117370Votorantim     SP                                     422001000011
1025432886900019904100005843880                                000063718                              000 00?01473       10042200000000135004220000001N040422000000000000000000000000000000000000000000000000000000000000000243561718000160C.B.S. TRANSPORTES & LOGISTICA LTDA     Rodovia Raposo Tavares - do km 92, 3921 Vila Artur  18023000Sorocaba       SP                                     422001000012
1025432886900019904100005843880                                000063736                              000 00?01487       10042200000000525004220000001N040422000000000000000000000000000000000000000000000000000000000000000258996745000132C.O.T.S - CLINICA DE OTORRINOLARINGOLOGIRua Giacomo Longobardi,237  237         Jardim Emí  18031090Sorocaba       SP                                     422001000013
1025432886900019904100005843880                                000063719                              000 00?01534       10042200000000136804220000001N040422000000000000000000000000000000000000000000000000000000000000000230769642000110CARDOSO ASSESSORIA E ADMINISTRACAO LTDA Rua Miguel José Gimenes 349 MZNINOSALA1 Jardim Por  18103750Sorocaba       SP                                     422001000014
1025432886900019904100005843880                                000063765                              000 00?01514       10042200000001050004220000001N040422000000000000000000000000000000000000000000000000000000000000000252468923000176CASA DE CARNES PRINCIPAL LTDA           Viela Um,927  927                       Jardim Ipê  18017013Sorocaba       SP                                     422001000015
1025432886900019904100005843880                                000063774                              000 00?01521       10042200000001050004220000001N040422000000000000000000000000000000000000000000000000000000000000000213479923000110CASSIA VIEIRA SIQUEIRA HIDRAULICA       R RIO GRANDE DO SUL,292  292            VILA PEDAG  18125000ALUMINIO       SP                                     422001000016
1025432886900019904100005843880                                000063729                              000 00?01537       10042200000000525004220000001N040422000000000000000000000000000000000000000000000000000000000000000100014758650829CELSO JOSE HUNGARO JUNIOR               Rua Frontino Alexandrino Freire 3552205 Parque Cam  18047624Sorocaba       SP                                     422001000017
1025432886900019904100005843880                                000063706                              000 00?01463       10042200000000459404220000001N040422000000000000000000000000000000000000000000000000000000000000000213309532000157CENTRO DE SERVICOS ADMINISTRATIVOS IM LTRua Carlos Gomes,154  154               Wanel Vill  18055026Sorocaba       SP                                     422001000018
1025432886900019904100005843880                                000063730                              000 00?01481       10042200000000448004220000001N040422000000000000000000000000000000000000000000000000000000000000000258985789000167CLIESP CLINICA ESPECIALIZADA EM ALERGIA Rua Domingos Valarelli,123  123         Jardim San  18090180Sorocaba       SP                                     422001000019
1025432886900019904100005843880                                000063731                              000 00?01482       10042200000000525004220000001N040422000000000000000000000000000000000000000000000000000000000000000258975558000172CLINICA CIRURGICA DR SILTON LUIS GASTARDRua Coronel Cavalheiros,271  271        Centro      18035640Sorocaba       SP                                     422001000020
1025432886900019904100005843880                                000063712                              000 00?01468       10042200000000525004220000001N040422000000000000000000000000000000000000000000000000000000000000000209507924000153CLINICA DE OTORRINOLARINGOLOGIA DR. JAIMAvenida Presidente Juscelino Kubits 793 Centro      18035060Sorocaba       SP                                     422001000021
1025432886900019904100005843880                                000063732                              000 00?01483       10042200000000525004220000001N040422000000000000000000000000000000000000000000000000000000000000000211370493000178CLINICA DRA. CLAUDIA CENCI GUIMARAES LTDRua Barão de Piratininga,142  142       Jardim Fac  18030160Sorocaba       SP                                     422001000022
1025432886900019904100005843880                                000063733                              000 00?01484       10042200000000060004220000001N040422000000000000000000000000000000000000000000000000000000000000000224285840000106CLINICA JOSE BAUER SERVICOS MEDICOS LTDAAvenida Antônio Carlos Comi 1296 SALA 02Parque Cam  18047620Sorocaba       SP                                     422001000023
1025432886900019904100005843880                                000063746                              000 00?01497       10042200000000108944220000001N040422000000000000000000000000000000000000000000000000000000000000000100093167512849CLINICA MARIA NILZA PASSARO BERTAZOLLI  Rua Amazonas,84  84                     Centro      18035520Sorocaba       SP                                     422001000024
1025432886900019904100005843880                                000063734                              000 00?01485       10042200000000060004220000001N040422000000000000000000000000000000000000000000000000000000000000000258994302000102CLINICA MARTINI SS LTDA                 Avenida Antônio Carlos Comitre,510  510 Parque Cam  18047620Sorocaba       SP                                     422001000025
1025432886900019904100005843880                                000063735                              000 00?01486       10042200000000120004220000001N040422000000000000000000000000000000000000000000000000000000000000000258986076000118CLINICA MEDICA MINERVINO E PACHECO SS LTAvenida Presidente Kenn 349 SALA 07 E 09Jardim Pau  18040550Sorocaba       SP                                     422001000026
1025432886900019904100005843880                                000063777                              000 00?01524       10042200000001050004220000001N040422000000000000000000000000000000000000000000000000000000000000000296353131000121COLEBRAF INDUSTRIA E COMERCIO LTDA      Avenida Fernando Stecca,1063  1063      Iporanga    18087149Sorocaba       SP                                     422001000027
1025432886900019904100005843880                                000063715                              000 00?01533       10042200000001461584220000001N040422000000000000000000000000000000000000000000000000000000000000000230026100000158COMERCIAL SUPER JOSE EIRELI             Rua João Luiz Vieira Tavares,693  693   Jardim São  18076310Sorocaba       SP                                     422001000028
1025432886900019904100005843880                                000063772                              000 00?01519       10042200000001400004220000001N040422000000000000000000000000000000000000000000000000000000000000000100017176582882CRISTIANE DELGADO OLIVEIRA              Rua Abrão Mahuad,254  254               Jardim Fac  18030245Sorocaba       SP                                     422001000029
1025432886900019904100005843880                                000063752                              000 00?01502       10042200000000036004220000001N040422000000000000000000000000000000000000000000000000000000000000000223550921000123DEAL INCORPORADORA E CONSULTORIA IMOBILIAvenida Adhemar de Barros,195  195      Vila Truji  18060545Sorocaba       SP                                     422001000030
1025432886900019904100005843880                                000063753                              000 00?01503       10042200000000036004220000001N040422000000000000000000000000000000000000000000000000000000000000000237718276000110DEAL MARKET CONGELADOS SOROCABA LTDA    Avenida Doutor Artur Bernard 425 LOJA 01Vila Gabri  18081000Sorocaba       SP                                     422001000031
1025432886900019904100005843880                                000063703                              000 00?01462       10042200000000240004220000001N040422000000000000000000000000000000000000000000000000000000000000000220971423000166DORIO - VIGILANCIA E SEGURANCA PATRIMONIRua Feiez Gattaz,461  461               Jardim Naz  15055220São José do RioSP                                     422001000032
1025432886900019904100005843880                                000063725                              000 00?01478       10042200000000420004220000001N040422000000000000000000000000000000000000000000000000000000000000000212643129000105DROGARIA BORGES E SANTOS LTDA           Avenida Doutor Américo Figueiredo  2965 Conjunto H  18053000Sorocaba       SP                                     422001000033
1025432886900019904100005843880                                000063709                              000 00?01466       10042200000001073004220000001N040422000000000000000000000000000000000000000000000000000000000000000210375248000190E.S. CONSTRUTORA LTDA                   Avenida Washington Luiz,1360  1360      Jardim Amé  18046700Sorocaba       SP                                     422001000034
1025432886900019904100005843880                                000063722                              000 00?01475       10042200000000155004220000001N040422000000000000000000000000000000000000000000000000000000000000000222170316000164ELECTRUM SERVICOS DE INSTALACAO E MANUTERua Reynaldo Ferreira Leão,81  81       Vila São C  18055127Sorocaba       SP                                     422001000035
1025432886900019904100005843880                                000063737                              000 00?01488       10042200000000525004220000001N040422000000000000000000000000000000000000000000000000000000000000000213589025000114ENDOCARDIO - SERVICOS MEDICOS DE SOROCABRua do Zico,304  304                    Jardim San  18095430Sorocaba       SP                                     422001000036
1025432886900019904100005843880                                000063681                              000 00?01525       10042200000002244504220000001N040422000000000000000000000000000000000000000000000000000000000000000210929139000178EURO SERVIÇOS DE GESSO E ACABAMENTOS EIRRua Alix Magalhães Ribeiro,81  81       Jardim Mon  18053450Sorocaba       SP                                     422001000037
1025432886900019904100005843880                                000063776                              000 00?01523       10042200000001050004220000001N040422000000000000000000000000000000000000000000000000000000000000000254335856000147FENIX INFORMATICA LTDA.                 Rua Aparecida,580  580                  Jardim San  18095000Sorocaba       SP                                     422001000038
1025432886900019904100005843880                                000063696                              000 00?01528       10042200000000362004220000001N040422000000000000000000000000000000000000000000000000000000000000000216479093000119FERNANDES E NAUFAL MOVEIS LTDA          Avenida General Osório,1331  1331       Vila Truji  18060502Sorocaba       SP                                     422001000039
1025432886900019904100005843880                                000063738                              000 00?01489       10042200000000525004220000001N040422000000000000000000000000000000000000000000000000000000000000000100014809643875FLAVIA HELENA TANGANELLI NASCIMENTO     Rua Bernardo Ferraz de Almeida 100 SL 01Jardim Fac  18030290Sorocaba       SP                                     422001000040
1025432886900019904100005843880                                000063747                              000 00?01498       10042200000001302004220000001N040422000000000000000000000000000000000000000000000000000000000000000249564016000116GAT LOCACAO E ADMINISTRACAO DE IMOVEIS LRua Capitão Grandino,240  240           Jardim Pau  18040560Sorocaba       SP                                     422001000041
1025432886900019904100005843880                                000063769                              000 00?01517       10042200000000036004220000001N040422000000000000000000000000000000000000000000000000000000000000000216847364000141GENIVAL FRANCISCO DA PAZ 03134421933    Rua Eulália Branco Almeida Ne 109 FUNDOSJardim Mar  18074365Sorocaba       SP                                     422001000042
1025432886900019904100005843880                                000063705                              000 00?01530       10042200000000024254220000001N040422000000000000000000000000000000000000000000000000000000000000000210759766000108GLOBAL SERVICOS ADMINISTRATIVOS EIRELI  Rua Domingos Metidieri,87  87           Wanel Vill  18055052Sorocaba       SP                                     422001000043
1025432886900019904100005843880                                000063739                              000 00?01490       10042200000000605004220000001N040422000000000000000000000000000000000000000000000000000000000000000100008851797811GODOFREDO CAMPOS BORGES                 Nicolau Pereira de Camp 133 sala 13 e 14Centro      18035300Sorocaba       SP                                     422001000044
1025432886900019904100005843880                                000063768                              000 00?01516       10042200000001390004220000001N040422000000000000000000000000000000000000000000000000000000000000000205907891000188GOMES & SILVA ENGENHARIA LTDA           Rua Avaré,392  392                      Jardim Leo  18085345Sorocaba       SP                                     422001000045
1025432886900019904100005843880                                000063762                              000 00?01511       10042200000001050004220000001N040422000000000000000000000000000000000000000000000000000000000000000220984905000150GRELHADOS RESTAURANTE CATARINA - EIRELI R RAFAEL DIAS COSTA,140 LOJA 140 LOJA 13DONA CATAR  18132852SAO ROQUE      SP                                     422001000046
1025432886900019904100005843880                                000063702                              000 00?01461       10042200000000205004220000001N040422000000000000000000000000000000000000000000000000000000000000000236144094000110GUSTAVO LUIZ BARBOSA MAGALHÃES EIRELI   Avenida João Pessoa,34 apto 0 34 apto 02Centro      18130290São Roque      SP                                     422001000047
1025432886900019904100005843880                                000063720                              000 00?01474       10042200000000120004220000001N040422000000000000000000000000000000000000000000000000000000000000000200373152000130H L PNEUS AUTO CENTER EIRELI            Avenida Victor Andrew,4233  4233        Zona Indus  18086390Sorocaba       SP                                     422001000048
1025432886900019904100005843880                                000063770                              000 00?01541       10042200000000476004220000001N040422000000000000000000000000000000000000000000000000000000000000000223432360000168H M SOLUCOES INDUSTRIAIS LTDA           Avenida São Paulo - de 618 SALA SUPERIORAlém Ponte  18013002Sorocaba       SP                                     422001000049
1025432886900019904100005843880                                000063724                              000 00?01477       10042200000000045004220000001N040422000000000000000000000000000000000000000000000000000000000000000223883279000102HUMANITAS ADMINISTRACAO IMOBILIARIA LTDAAvenida Domingos Júlio,371  371         Parque Cam  18047645Sorocaba       SP                                     422001000050
1025432886900019904100005843880                                000063713                              000 00?01469       10042200000000124714220000001N040422000000000000000000000000000000000000000000000000000000000000000250373604000151ICDER INDUSTRIA E COMERCIO DISCOS E REBOAvenida Itavuvu,4582  4582              Jardim San  18078005Sorocaba       SP                                     422001000051
1025432886900019904100005843880                                000063700                              000 00?01459       10042200000001050004220000001N040422000000000000000000000000000000000000000000000000000000000000000245399649000165IGREJA EVANGELICA ASSEMBLEIA DE DEUS  EMRua Professor Aristides de Campos,2 255 Vila Lucy   18043090Sorocaba       SP                                     422001000052
1025432886900019904100005843880                                000063740                              000 00?01491       10042200000000120004220000001N040422000000000000000000000000000000000000000000000000000000000000000209244148000146INSTITUTO DE NEUROCIRURGIA E NEUROLOGIA Rua R 460 ANDAR 12 SALA 1202 BLOCO 1 E 2Centro      18035330Sorocaba       SP                                     422001000053
1025432886900019904100005843880                                000063716                              000 00?01471       10042200000000045004220000001N040422000000000000000000000000000000000000000000000000000000000000000241815076000233INTERAKIDS BRASIL LTDA                  Avenida Washington Luiz - de 1111/ 1812 Jardim Amé  18046700Sorocaba       SP                                     422001000054
1025432886900019904100005843880                                000063679                              000 00?01446       10042200000000525004220000001N040422000000000000000000000000000000000000000000000000000000000000000204144162000154JESIMAR FERREIRA DE QUEIROZ MOVEIS      Rua Mário Monteiro d 277 QUADRAF LOTE 02Cajuru do   18105015Sorocaba       SP                                     422001000055
1025432886900019904100005843880                                000063680                              000 00?01R63680    10042200000000045004220000001N040422000000000000000000000000000000000000000000000000000000000000000209390781000223JNC COM ATACADISTA DE AUTO PEÇAS LTDA   Rua Florival Cândido,366  366           Jardim Wan  18057048Sorocaba       SP                                     422001000056
1025432886900019904100005843880                                000063758                              000 00?01508       10042200000000680004220000001N040422000000000000000000000000000000000000000000000000000000000000000225159335000188KRC EMPREENDIMENTOS IMOBILIARIOS LTDA   Estrada Elias Maluf,3768  3768          Jardim Sim  18055215Sorocaba       SP                                     422001000057
1025432886900019904100005843880                                000063723                              000 00?01476       10042200000000972004220000001N040422000000000000000000000000000000000000000000000000000000000000000243694426000103LA GELARI SORVETES FINOS LTDA           Rua Comendador Abílio 526 QUADRAJ LOTE 6Jardim Amé  18046690Sorocaba       SP                                     422001000058
1025432886900019904100005843880                                000063687                              000 00?01450       15042200000001585724220000001N040422000000000000000000000000000000000000000000000000000000000000000209661236000143LOCADORA E TRANSPORTADORA EXPRESS LTDA  Avenida Conde Zeppelin,1635 1635 SALA 02Éden        18103008Sorocaba       SP                                     422001000059
1025432886900019904100005843880                                000063749                              000 00?01500       10042200000000900004220000001N040422000000000000000000000000000000000000000000000000000000000000000217820561000130LOIDE FARIA GODOY ELETRONICA            Rua Francisco Furlan,68  68             Jardim Ipa  18070230Sorocaba       SP                                     422001000060
1025432886900019904100005843880                                000063757                              000 00?01507       10042200000000036004220000001N040422000000000000000000000000000000000000000000000000000000000000000219935555000153LOTERICA JATAI LTDA                     Rua João Vieira Nunes,101  101          Parque Jat  18117220Votorantim     SP                                     422001000061
1025432886900019904100005843880                                000063693                              000 00?01455       10042200000001465004220000001N040422000000000000000000000000000000000000000000000000000000000000000227764014000138LUIZ EDUARDO SOARES DE LIMA             AV OSCAR CONCEICAO JUNIOR,0 LO 0 LOTE 00JARDIM DOS  18120000Mairinque      SP                                     422001000062
1025432886900019904100005843880                                000063682                              000 00?01447       10042200000000657004220000001N040422000000000000000000000000000000000000000000000000000000000000000204368315000147MACHADO E SANTOS SERVIÇOS EMPRESARIAIS ERua Cônego Januário Barbosa,89  89      Jardim Ver  18030075Sorocaba       SP                                     422001000063
1025432886900019904100005843880                                000063698                              000 00?01R63698    10042200000000665004220000001N040422000000000000000000000000000000000000000000000000000000000000000100013278640888MARCIA CRISTINA GAMBARO ESQUIERDO CARMIGRua Francisco Ferreira Leão,257  257    Vila Leão   18040429Sorocaba       SP                                     422001000064
1025432886900019904100005843880                                000063694                              000 00?01456       10042200000001299204220000001N040422000000000000000000000000000000000000000000000000000000000000000224996806000140MARIA DE FATIMA DE VECHI PERBONI        Rua Thales de Taté,98  98               Jardim Tro  18054010Sorocaba       SP                                     422001000065
1025432886900019904100005843880                                000063750                              000 00?01538       10042200000000160004220000001N040422000000000000000000000000000000000000000000000000000000000000000100007197239818MARIA HELENA SENGER                     Rua Maria Soares Leitão,41  41          Parque Cam  18047690Sorocaba       SP                                     422001000066
1025432886900019904100005843880                                000063741                              000 00?01492       10042200000000525004220000001N040422000000000000000000000000000000000000000000000000000000000000000100005801034803MARIA TERESA VERRONE QUILICI            Rua Indianópolis,183  183               Jardim Pau  18040820Sorocaba       SP                                     422001000067
1025432886900019904100005843880                                000063761                              000 00?01510       10042200000001086004220000001N040422000000000000000000000000000000000000000000000000000000000000000251425288000187MASPLAN COMERCIAL LTDA.                 Avenida Presidente Juscelino Kubitsc 10 Centro      18035060Sorocaba       SP                                     422001000068
1025432886900019904100005843880                                000063714                              000 00?01470       10042200000000111804220000001N040422000000000000000000000000000000000000000000000000000000000000000203055870000156MEDIERVAS INDUSTRIA DE PRODUTOS FARMACEURua Comendador Vicente Amaral,892  892  Jardim Gua  18050600Sorocaba       SP                                     422001000069
1025432886900019904100005843880                                000063699                              000 00?01529       10042200000000262004220000001N040422000000000000000000000000000000000000000000000000000000000000000233498278000190MEGA PORTO PINTURA ELETROSTATICA LTDA   AV HERCULES FLORENCE,156  156           PORTAL VIL  18540000Porto Feliz    SP                                     422001000070
1025432886900019904100005843880                                000063688                              000 00?01451       10042200000000035004220000001N040422000000000000000000000000000000000000000000000000000000000000000210578568000148MEGACOLORS PINTURA ELETROTÁTICA LTDA    Rua Capitão Bento Mascarenhas Jequ 2379 Jardim São  18046495Sorocaba       SP                                     422001000071
1025432886900019904100005843880                                000063717                              000 00?01472       10042200000001442404220000001N040422000000000000000000000000000000000000000000000000000000000000000215647444000190MEGACOLORS PRIME LTDA                   AUGUSTO GUITIERRAS,125  125             EDEN        18103011SOROCABA       SP                                     422001000072
1025432886900019904100005843880                                000063771                              000 00?01518       10042200000000525004220000001N040422000000000000000000000000000000000000000000000000000000000000000205017982000148ODONTOSSEL LTDA                         Rua Professor Toledo - até 948/949, 250 Centro      18035110Sorocaba       SP                                     422001000073
1025432886900019904100005843880                                000063756                              000 00?01506       10042200000000090004220000001N040422000000000000000000000000000000000000000000000000000000000000000207249545000185OXIGENIO SIERRA GASES EIRELI            Rua Capitão David Joaquim 295 SALA SALAOVila da Fo  18070145Sorocaba       SP                                     422001000074
1025432886900019904100005843880                                000063697                              000 00?01458       10042200000000206004220000001N040422000000000000000000000000000000000000000000000000000000000000000236712820000153PASISERV SERVICOS ADMINISTRATIVOS LTDA  Avenida Victor Andrew,1250  1250        Zona Indus  18086390Sorocaba       SP                                     422001000075
1025432886900019904100005843880                                000063767                              000 00?01515       10042200000001380004220000001N040422000000000000000000000000000000000000000000000000000000000000000210285632000100PEDRO BATISTA                           Avenida John Boyd Dunlop,86  86         Iporanga    18087155Sorocaba       SP                                     422001000076
1025432886900019904100005843880                                000063708                              000 00?01465       10042200000000146854220000001N040422000000000000000000000000000000000000000000000000000000000000000218829311000123PERBONI BUSINESS AUXILIO AO COMERCIO LTDRua Carlos Gomes,130  130               Wanel Vill  18055026Sorocaba       SP                                     422001000077
1025432886900019904100005843880                                000063707                              000 00?01464       10042200000000315704220000001N040422000000000000000000000000000000000000000000000000000000000000000229993399000130PERBONI SERVICOS ADMINISTRATIVOS E TREINRua Carlos Gomes,134  134               Wanel Vill  18055026Sorocaba       SP                                     422001000078
1025432886900019904100005843880                                000063766                              000 00?01540       10042200000001050004220000001N040422000000000000000000000000000000000000000000000000000000000000000226347818000179PROENCA COMERCIO DE CARNES LTDA         Avenida Doutor Américo Figue 927 SALA 01Jardim Sim  18055131Sorocaba       SP                                     422001000079
1025432886900019904100005843880                                000063755                              000 00?01505       10042200000000936004220000001N040422000000000000000000000000000000000000000000000000000000000000000235776875000164QUITERIA BATISTA DA SILVA               Avenida Ipanema - até 1620 1970 GALPAO02Vila Nova   18070671Sorocaba       SP                                     422001000080
1025432886900019904100005843880                                000063763                              000 00?01512       10042200000000525004220000001N040422000000000000000000000000000000000000000000000000000000000000000209614442000100R. C. DIAGNOSTICO POR IMAGEM LTDA       R HELOISA OLIVEIRA EV 160 ANDAR 7 APT 73PARQUE CAM  18048123SOROCABA       SP                                     422001000081
1025432886900019904100005843880                                000063764                              000 00?01513       10042200000000900004220000001N040422000000000000000000000000000000000000000000000000000000000000000211982929000180R.R PALETES E EMBALAGENS LTDA           Rua Doutor Rivaldo Costa Oliveira,5  5  Parque São  18072070Sorocaba       SP                                     422001000082
1025432886900019904100005843880                                000063695                              000 00?01457       10042200000000728004220000001N040422000000000000000000000000000000000000000000000000000000000000000233288435000132RF YACHTS DO BRASIL - EIRELI            Avenida John Boyd Dunlop,1720  1720     Iporanga    18087155Sorocaba       SP                                     422001000083
1025432886900019904100005843880                                000063683                              000 00?01R63683    10042200000000450004220000001N040422000000000000000000000000000000000000000000000000000000000000000237152694000192RONY SERVICE PRESTACAO DE SERVICOS LTDA Rua Cônego Januário Barbosa,89  89      Jardim Ver  18030075Sorocaba       SP                                     422001000084
1025432886900019904100005843880                                000063773                              000 00?01520       10042200000000525004220000001N040422000000000000000000000000000000000000000000000000000000000000000216599154000181ROSELANE FRANCA DA SILVA FLAUZINO 106046Rua Bachir Jorge Mubaied,79  79 LOTE 11AJardim Sai  18085110Sorocaba       SP                                     422001000085
1025432886900019904100005843880                                000063685                              000 00?01449       10042200000001890504220000001N040422000000000000000000000000000000000000000000000000000000000000000232626056000142SANDRA MARIA FERRAZ DE LIMA             Rua Juarez Ferreira,1103  1103          Jardim do   18077362Sorocaba       SP                                     422001000086
1025432886900019904100005843880                                000063684                              000 00?01448       10042200000000588004220000001N040422000000000000000000000000000000000000000000000000000000000000000233339050000157SANTOS e SANTOS GESTÃO DE ESTACIONAMENTOAvenida Comendador Pe 445 EstacionamentoJardim Ver  18030005Sorocaba       SP                                     422001000087
1025432886900019904100005843880                                000063721                              000 00?01535       10042200000000793204220000001N040422000000000000000000000000000000000000000000000000000000000000000265853889000103SERG PAULISTA CONSTRUCOES E SERVICOS TECRua Jorge Street,77  77                 Jardim Gum  07090020Guarulhos      SP                                     422001000088
1025432886900019904100005843880                                000063742                              000 00?01493       10042200000000900004220000001N040422000000000000000000000000000000000000000000000000000000000000000100026082219805SERGIO GAETANI GIFFONI                  Avenida Domingos Júlio 371 SALAS 08 E 09Parque Cam  18047645Sorocaba       SP                                     422001000089
1025432886900019904100005843880                                000063759                              000 00?01539       10042200000000900004220000001N040422000000000000000000000000000000000000000000000000000000000000000203391437000191SERV AUTO COMERCIO DE FERRAMENTAS E PARAAvenida Doutor Afonso Vergueiro -  1985 Vila Augus  18040000Sorocaba       SP                                     422001000090
1025432886900019904100005843880                                000063743                              000 00?01494       10042200000000080004220000001N040422000000000000000000000000000000000000000000000000000000000000000267362848000131SILSAN - SERVICOS MEDICOS SS LTDA       Avenida Doutor Eugênio Salerno,297  297 Centro      18035430Sorocaba       SP                                     422001000091
1025432886900019904100005843880                                000063760                              000 00?01509       10042200000001036004220000001N040422000000000000000000000000000000000000000000000000000000000000000210344280000109SIMUS EMBALAGENS LTDA - ME              Avenida Doutor Américo Figueiredo - 922 Jardim Sim  18055132Sorocaba       SP                                     422001000092
1025432886900019904100005843880                                000063701                              000 00?01460       10042200000000576004220000001N040422000000000000000000000000000000000000000000000000000000000000000208431441000150SM SERVICE SYSTEM TERCEIRIZADOS LTDA    Rua Bernardo Martins Júnior,455  455    Jardim Res  18016325Sorocaba       SP                                     422001000093
1025432886900019904100005843880                                000063775                              000 00?01522       10042200000000250004220000001N040422000000000000000000000000000000000000000000000000000000000000000224764049000189SUPERMERCADO DO BAIRRO LTDA             Estrada Elias Maluf,2344  2344          Jardim Sim  18055215Sorocaba       SP                                     422001000094
1025432886900019904100005843880                                000063704                              000 00?01531       10042200000001930504220000001N040422000000000000000000000000000000000000000000000000000000000000000218732598000179SUPERMERCADO N. V. B SAO JOSE SOROCABA LAvenida Ipanema,5710  5710              Jardim Nov  18071801Sorocaba       SP                                     422001000095
1025432886900019904100005843880                                000063754                              000 00?01504       20042200000000936004220000001N040422000000000000000000000000000000000000000000000000000000000000000218753134000149TAVRIDA ELECTRIC DO BRASIL EQUIPAMENTOS Avenida Ireno da Silva V 199 GALPAOGP04AProtestant  18111100Votorantim     SP                                     422001000096
1025432886900019904100005843880                                000063686                              000 00?01526       15042200000000155004220000001N040422000000000000000000000000000000000000000000000000000000000000000200307847000113TELEBRASIL TRANSPORTES EIRELI           Avenida Conde Zeppelin,1635  1635       Éden        18103008Sorocaba       SP                                     422001000097
1025432886900019904100005843880                                000063744                              000 00?01495       10042200000000525004220000001N040422000000000000000000000000000000000000000000000000000000000000000100058893563800TULIO PEREIRA CARDOSO                   Rua Doutor Arthur Gomes,421  421        Centro      18035490Sorocaba       SP                                     422001000098
1025432886900019904100005843880                                000063745                              000 00?01496       10042200000000525004220000001N040422000000000000000000000000000000000000000000000000000000000000000271566897000163UDS UNIDADE DE DIAGNOSTICO DE SOROCABA SAvenida Washington Luiz - até 1109/ 197 Jardim Emí  18031000Sorocaba       SP                                     422001000099
1025432886900019904100005843880                                000063751                              000 00?01501       10042200000000525004220000001N040422000000000000000000000000000000000000000000000000000000000000000100032489453890VINICIUS AREF MENDES MAYKEH             Avenida Antônio Carlos Comit 659 SALA 01Parque Cam  18047620Sorocaba       SP                                     422001000100
9                                                                                                                                                                                                                                                                                                                                                                               00000099000000005946955001000101
